@inproceedings{narayanan1999moving,
  title={Moving Right Along: A Computational Model of Metaphoric Reasoning about Events.},
  author={Narayanan, Srinivas},
  booktitle={AAAI/IAAI},
  pages={121--127},
  year={1999}
}
@article{eliasmith2012large,
  title={A large-scale model of the functioning brain},
  author={Eliasmith, Chris and Stewart, Terrence C and Choo, Xuan and Bekolay, Trevor and DeWolf, Travis and Tang, Charlie and Rasmussen, Daniel},
  journal={science},
  volume={338},
  number={6111},
  pages={1202--1205},
  year={2012},
  publisher={American Association for the Advancement of Science}
}
@inproceedings{ma2010multimodal,
  title={A multimodal vocabulary for augmentative and alternative communication from sound/image label datasets},
  author={Ma, Xiaojuan and Fellbaum, Christiane and Cook, Perry R},
  booktitle={Proceedings of the NAACL HLT 2010 Workshop on Speech and Language Processing for Assistive Technologies},
  pages={62--70},
  year={2010},
  organization={Association for Computational Linguistics}
}
@inproceedings{larochelle2007empirical,
  title={An empirical evaluation of deep architectures on problems with many factors of variation},
  author={Larochelle, Hugo and Erhan, Dumitru and Courville, Aaron and Bergstra, James and Bengio, Yoshua},
  booktitle={Proceedings of the 24th international conference on Machine learning},
  pages={473--480},
  year={2007},
  organization={ACM}
}
@article{wolpert1995internal,
  title={An internal model for sensorimotor integration},
  author={Wolpert, Daniel M and Ghahramani, Zoubin and Jordan, Michael I},
  journal={SCIENCE-NEW YORK THEN WASHINGTON-},
  pages={1880--1880},
  year={1995},
  publisher={American Association for the Advancement of Science}
}
@incollection{blythe1999overview,
  title={An overview of planning under uncertainty},
  author={Blythe, Jim},
  booktitle={Artificial intelligence today},
  pages={85--110},
  year={1999},
  publisher={Springer}
}
@inproceedings{li2012automatic,
  title={Automatic discovery of groups of objects for scene understanding},
  author={Li, Congcong and Parikh, Devi and Chen, Tsuhan},
  booktitle={Computer Vision and Pattern Recognition (CVPR), 2012 IEEE Conference on},
  pages={2735--2742},
  year={2012},
  organization={IEEE}
}
@inproceedings{grubb2010boosted,
  title={Boosted backpropagation learning for training deep modular networks},
  author={Grubb, Alexander and Bagnell, J Andrew},
  booktitle={Proceedings of the 27th International Conference on Machine Learning (ICML-10)},
  pages={407--414},
  year={2010}
}
@article{le2011building,
  title={Building high-level features using large scale unsupervised learning},
  author={Le, Quoc V and Ranzato, Marc'Aurelio and Monga, Rajat and Devin, Matthieu and Chen, Kai and Corrado, Greg S and Dean, Jeff and Ng, Andrew Y},
  journal={arXiv preprint arXiv:1112.6209},
  year={2011}
}
@article{resulaj2009changes,
  title={Changes of mind in decision-making},
  author={Resulaj, Arbora and Kiani, Roozbeh and Wolpert, Daniel M and Shadlen, Michael N},
  journal={Nature},
  volume={461},
  number={7261},
  pages={263--266},
  year={2009},
  publisher={Nature Publishing Group}
}
@article{tang2012deep,
  title={Deep Lambertian Networks},
  author={Tang, Yichuan and Salakhutdinov, Ruslan and Hinton, Geoffrey},
  journal={arXiv preprint arXiv:1206.6445},
  year={2012}
}
@article{hinton2012deep,
  title={Deep neural networks for acoustic modeling in speech recognition: The shared views of four research groups},
  author={Hinton, Geoffrey and Deng, Li and Yu, Dong and Dahl, George E and Mohamed, Abdel-rahman and Jaitly, Navdeep and Senior, Andrew and Vanhoucke, Vincent and Nguyen, Patrick and Sainath, Tara N and others},
  journal={Signal Processing Magazine, IEEE},
  volume={29},
  number={6},
  pages={82--97},
  year={2012},
  publisher={IEEE}
}
@incollection{roth1997dynamic,
  title={Dynamic path planning with spiking neural networks},
  author={Roth, Ulrich and Walker, Marc and Hilmann, Arne and Klar, Heinrich},
  booktitle={Biological and Artificial Computation: From Neuroscience to Technology},
  pages={1355--1363},
  year={1997},
  publisher={Springer}
}
@inproceedings{taylor2010dynamical,
  title={Dynamical binary latent variable models for 3d human pose tracking},
  author={Taylor, Graham W and Sigal, Leonid and Fleet, David J and Hinton, Geoffrey E},
  booktitle={Computer Vision and Pattern Recognition (CVPR), 2010 IEEE Conference on},
  pages={631--638},
  year={2010},
  organization={IEEE}
}
@inproceedings{poultney2006efficient,
  title={Efficient learning of sparse representations with an energy-based model},
  author={Poultney, Christopher and Chopra, Sumit and Cun, Yann L and others},
  booktitle={Advances in neural information processing systems},
  pages={1137--1144},
  year={2006}
}
@article{bengio2012evolving,
  title={Evolving culture vs local minima},
  author={Bengio, Yoshua},
  journal={arXiv preprint arXiv:1203.2990},
  year={2012}
}
@inproceedings{vincent2008extracting,
  title={Extracting and composing robust features with denoising autoencoders},
  author={Vincent, Pascal and Larochelle, Hugo and Bengio, Yoshua and Manzagol, Pierre-Antoine},
  booktitle={Proceedings of the 25th international conference on Machine learning},
  pages={1096--1103},
  year={2008},
  organization={ACM}
}
@inproceedings{cirecsan2011flexible,
  title={Flexible, high performance convolutional neural networks for image classification},
  author={Cire{\c{s}}an, Dan C and Meier, Ueli and Masci, Jonathan and Gambardella, Luca M and Schmidhuber, J{\"u}rgen},
  booktitle={Proceedings of the Twenty-Second international joint conference on Artificial Intelligence-Volume Volume Two},
  pages={1237--1242},
  year={2011},
  organization={AAAI Press}
}
@inproceedings{mnih2010generating,
  title={Generating more realistic images using gated MRF's},
  author={Mnih, Volodymyr and Hinton, Geoffrey E and others},
  booktitle={Advances in Neural Information Processing Systems},
  pages={2002--2010},
  year={2010}
}
@inproceedings{serpen1998higher,
  title={Higher order neural nets for task planning in decomposed state spaces},
  author={Serpen, Gursel and Livingston, David L},
  booktitle={Proceedings of the 1998 Conference on Artificial Neural Networks in Engineering (ANNIE 1998)},
  year={1998}
}
@inproceedings{krizhevsky2012imagenet,
  title={Imagenet classification with deep convolutional neural networks},
  author={Krizhevsky, Alex and Sutskever, Ilya and Hinton, Geoff},
  booktitle={Advances in Neural Information Processing Systems 25},
  pages={1106--1114},
  year={2012}
}
@article{hinton2012improving,
  title={Improving neural networks by preventing co-adaptation of feature detectors},
  author={Hinton, Geoffrey E and Srivastava, Nitish and Krizhevsky, Alex and Sutskever, Ilya and Salakhutdinov, Ruslan R},
  journal={arXiv preprint arXiv:1207.0580},
  year={2012}
}
@book{foster2003grid,
  title={The Grid 2: Blueprint for a new computing infrastructure},
  author={Foster, Ian and Kesselman, Carl},
  year={2003},
  publisher={Access Online via Elsevier}
}
@article{bengio2009learning,
  title={Learning deep architectures for AI},
  author={Bengio, Yoshua},
  journal={Foundations and trends{\textregistered} in Machine Learning},
  volume={2},
  number={1},
  pages={1--127},
  year={2009},
  publisher={Now Publishers Inc.}
}
@article{chen2012marginalized,
  title={Marginalized denoising autoencoders for domain adaptation},
  author={Chen, Minmin and Xu, Zhixiang and Weinberger, Kilian and Sha, Fei},
  journal={arXiv preprint arXiv:1206.4683},
  year={2012}
}
@inproceedings{susskind2011modeling,
  title={Modeling the joint density of two images under a variety of transformations},
  author={Susskind, Joshua and Memisevic, Roland and Hinton, Geoffrey and Pollefeys, Marc},
  booktitle={Computer Vision and Pattern Recognition (CVPR), 2011 IEEE Conference on},
  pages={2793--2800},
  year={2011},
  organization={IEEE}
}
@article{glasius1995neural,
  title={Neural network dynamics for path planning and obstacle avoidance},
  author={Glasius, Roy and Komoda, Andrzej and Gielen, Stan CAM},
  journal={Neural Networks},
  volume={8},
  number={1},
  pages={125--133},
  year={1995},
  publisher={Elsevier}
}
@article{baker1996neural,
  title={Neural systems engaged by planning: a PET study of the Tower of London task},
  author={Baker, SC and Rogers, RD and Owen, AM and Frith, CD and Dolan, RJ and Frackowiak, RSJ and Robbins, TW},
  journal={Neuropsychologia},
  volume={34},
  number={6},
  pages={515--526},
  year={1996},
  publisher={Elsevier}
}
@inproceedings{kelly2008offline,
  title={Offline Planning with Hierarchical Task Networks in Video Games.},
  author={Kelly, John Paul and Botea, Adi and Koenig, Sven},
  booktitle={AIIDE},
  year={2008}
}
@book{hawkins2004intelligence,
  title={On intelligence},
  author={Hawkins, Jeff},
  year={2004},
  publisher={Macmillan}
}
@article{hinton2006reducing,
  title={Reducing the dimensionality of data with neural networks},
  author={Hinton, Geoffrey E and Salakhutdinov, Ruslan R},
  journal={Science},
  volume={313},
  number={5786},
  pages={504--507},
  year={2006},
  publisher={American Association for the Advancement of Science}
}
@article{walter1993implementation,
  title={Implementation of self-organizing neural networks for visuo-motor control of an industrial robot},
  author={Walter, J{\"o}rg A and Schulten, KI},
  journal={Neural Networks, IEEE Transactions on},
  volume={4},
  number={1},
  pages={86--96},
  year={1993},
  publisher={IEEE}
}
@article{berti2005shared,
  title={Shared cortical anatomy for motor awareness and motor control},
  author={Berti, A and Bottini, G and Gandola, M and Pia, L and Smania, N and Stracciari, A and Castiglioni, I and Vallar, G and Paulesu, E},
  journal={Science},
  volume={309},
  number={5733},
  pages={488--491},
  year={2005},
  publisher={American Association for the Advancement of Science}
}
@article{chartrand1999chameleon,
  title={The chameleon effect: The perception--behavior link and social interaction.},
  author={Chartrand, Tanya L and Bargh, John A},
  journal={Journal of personality and social psychology},
  volume={76},
  number={6},
  pages={893},
  year={1999},
  publisher={American Psychological Association}
}
@inproceedings{lee2009convolutional,
  title={Convolutional deep belief networks for scalable unsupervised learning of hierarchical representations},
  author={Lee, Honglak and Grosse, Roger and Ranganath, Rajesh and Ng, Andrew Y},
  booktitle={Proceedings of the 26th Annual International Conference on Machine Learning},
  pages={609--616},
  year={2009},
  organization={ACM}
}
@inproceedings{hinton2005kind,
  title={What kind of graphical model is the brain?},
  author={Hinton, Geoffrey E},
  booktitle={IJCAI},
  volume={5},
  pages={1765--1775},
  year={2005}
}
@article{konda2013role,
  title={The role of spatio-temporal synchrony in the encoding of motion},
  author={Konda, Kishore Reddy and Memisevic, Roland and Michalski, Vincent},
  journal={arXiv preprint arXiv:1306.3162},
  year={2013}
}
@article{becker20052,
  title={2 Modeling the Mind: From Circuits to Systems},
  author={Becker, Suzanna},
  year={2005}
}
@article{anastasio2000using,
  title={Using Bayes' rule to model multisensory enhancement in the superior colliculus},
  author={Anastasio, Thomas J and Patton, Paul E and Belkacem-Boussaid, Kamel},
  journal={Neural Computation},
  volume={12},
  number={5},
  pages={1165--1187},
  year={2000},
  publisher={MIT Press}
}@article{anastasio2000using,
  title={Using Bayes' rule to model multisensory enhancement in the superior colliculus},
  author={Anastasio, Thomas J and Patton, Paul E and Belkacem-Boussaid, Kamel},
  journal={Neural Computation},
  volume={12},
  number={5},
  pages={1165--1187},
  year={2000},
  publisher={MIT Press}
}
@inproceedings{rohrer2011biologically,
  title={Biologically inspired feature creation for multi-sensory perception.},
  author={Rohrer, Brandon},
  booktitle={BICA},
  pages={305--313},
  year={2011}
}
@article{burr2011combining,
  title={Combining vision with audition and touch, in adults and in children},
  author={Burr, David and Binda, Paola and Gori, Monica},
  journal={Sensory cue integration (eds. 1. Trommershauser, MS Landy, and KP Kording). Oxford University Press, New York},
  year={2011}
}
@article{king1996fractal,
  title={Fractal Neurodynamics and Quantum Chaos},
  author={King, CC},
  journal={Fractals of Brain Fractals of Mind Advances in Consciousness Research},
  volume={7},
  pages={179--233},
  year={1996}
}
@article{calvert1998crossmodal,
  title={Crossmodal identification},
  author={Calvert, Gemma A and Brammer, Michael J and Iversen, Susan D},
  journal={Trends in cognitive sciences},
  volume={2},
  number={7},
  pages={247--253},
  year={1998},
  publisher={Elsevier}
}
@incollection{monner2011systematically,
  title={Systematically grounding language through vision in a deep, recurrent neural network},
  author={Monner, Derek D and Reggia, James A},
  booktitle={Artificial General Intelligence},
  pages={112--121},
  year={2011},
  publisher={Springer}
}
@article{hinton2002training,
  title={Training products of experts by minimizing contrastive divergence},
  author={Hinton, Geoffrey E},
  journal={Neural computation},
  volume={14},
  number={8},
  pages={1771--1800},
  year={2002},
  publisher={MIT Press}
}
@inproceedings{stuhlsatz2011deep,
  title={Deep neural networks for acoustic emotion recognition: raising the benchmarks},
  author={Stuhlsatz, Andr{\'e} and Meyer, Christine and Eyben, Florian and ZieIke, T and Meier, G{\"u}nter and Schuller, Bj{\"o}rn},
  booktitle={Acoustics, Speech and Signal Processing (ICASSP), 2011 IEEE International Conference on},
  pages={5688--5691},
  year={2011},
  organization={IEEE}
}
@inproceedings{ballan2009deep,
  title={Deep networks for audio event classification in soccer videos},
  author={Ballan, Lamberto and Bazzica, Alessio and Bertini, Marco and Del Bimbo, Alberto and Serra, Giuseppe},
  booktitle={Multimedia and Expo, 2009. ICME 2009. IEEE International Conference on},
  pages={474--477},
  year={2009},
  organization={IEEE}
}
@inproceedings{arel2009destin,
  title={Destin: A scalable deep learning architecture with application to high-dimensional robust pattern recognition},
  author={Arel, Itamar and Rose, Derek and Coop, Robert},
  booktitle={Proc. AAAI Workshop on Biologically Inspired Cognitive Architectures},
  pages={1150--1157},
  year={2009}
}
@article{sharma2000induction,
  title={Induction of visual orientation modules in auditory cortex},
  author={Sharma, Jitendra and Angelucci, Alessandra and Sur, Mriganka},
  journal={Nature},
  volume={404},
  number={6780},
  pages={841--847},
  year={2000},
  publisher={Nature Publishing Group}
}
@article{lee2009unsupervised,
  title={Unsupervised feature learning for audio classification using convolutional deep belief networks},
  author={Lee, Honglak and Largman, Yan and Pham, Peter and Ng, Andrew Y},
  journal={Advances in neural information processing systems},
  year={2009}
}
@article{erhan2010does,
  title={Why does unsupervised pre-training help deep learning?},
  author={Erhan, Dumitru and Bengio, Yoshua and Courville, Aaron and Manzagol, Pierre-Antoine and Vincent, Pascal and Bengio, Samy},
  journal={The Journal of Machine Learning Research},
  volume={11},
  pages={625--660},
  year={2010},
  publisher={JMLR. org}
}
@inproceedings{huiskes08,
 author = {Mark J. Huiskes and Michael S. Lew},
 title = {The MIR Flickr Retrieval Evaluation},
 booktitle = {MIR '08: Proceedings of the 2008 ACM International Conference on Multimedia Information Retrieval},
 year = {2008},
 location = {Vancouver, Canada},
 publisher = {ACM},
 address = {New York, NY, USA},
 }
@inproceedings{gluckman2003kurtosis,
  title={Kurtosis and the phase structure of images},
  author={Gluckman, Joshua},
  booktitle={3rd International Workshop on Statistical and Computational Theories of Vision, Nice, France, October 2003 (in conjunction with ICCV’03)},
  pages={12--15},
  year={2003}
}
@book{vyshedskiy2008origin,
  title={On the Origin of the Human Mind: Three Theories; Uniqueness of the Human Mind, Evolution of the Human Mind, and The Neurological Basis of Conscious Experience},
  author={Vyshedskiy, Andrey},
  year={2008},
  publisher={MobileReference}
}
@misc{nifong13,
    author = {Nathan H. Nifong},
    title = {Deep-Planning Codebase},
    url = {http://github.com/nhnifong/deep-planning}
}
@article{daugman1980two,
  title={Two-dimensional spectral analysis of cortical receptive field profiles},
  author={Daugman, John G},
  journal={Vision research},
  volume={20},
  number={10},
  pages={847--856},
  year={1980},
  publisher={Elsevier}
}
@article{daugman1988complete,
  title={Complete discrete 2-D Gabor transforms by neural networks for image analysis and compression},
  author={Daugman, John G},
  journal={Acoustics, Speech and Signal Processing, IEEE Transactions on},
  volume={36},
  number={7},
  pages={1169--1179},
  year={1988},
  publisher={IEEE}
}
@article{jain1991unsupervised,
  title={Unsupervised texture segmentation using Gabor filters},
  author={Jain, Anil K and Farrokhnia, Farshid},
  journal={Pattern recognition},
  volume={24},
  number={12},
  pages={1167--1186},
  year={1991},
  publisher={Elsevier}
}
@article{hinton1995wake,
  title={The" wake-sleep" algorithm for unsupervised neural networks},
  author={Hinton, Geoffrey E and Dayan, Peter and Frey, Brendan J and Neal, Radford M},
  journal={SCIENCE-NEW YORK THEN WASHINGTON-},
  pages={1158--1158},
  year={1995},
  publisher={Citeseer}
}
@article{ding2001multi,
  title={Multi-class protein fold recognition using support vector machines and neural networks},
  author={Ding, Chris HQ and Dubchak, Inna},
  journal={Bioinformatics},
  volume={17},
  number={4},
  pages={349--358},
  year={2001},
  publisher={Oxford Univ Press}
}
@inproceedings{mukkamala2002intrusion,
  title={Intrusion detection using neural networks and support vector machines},
  author={Mukkamala, Srinivas and Janoski, Guadalupe and Sung, Andrew},
  booktitle={Neural Networks, 2002. IJCNN'02. Proceedings of the 2002 International Joint Conference on},
  volume={2},
  pages={1702--1707},
  year={2002},
  organization={IEEE}
}
@article{byvatov2003comparison,
  title={Comparison of support vector machine and artificial neural network systems for drug/nondrug classification},
  author={Byvatov, Evgeny and Fechner, Uli and Sadowski, Jens and Schneider, Gisbert},
  journal={Journal of Chemical Information and Computer Sciences},
  volume={43},
  number={6},
  pages={1882--1889},
  year={2003},
  publisher={ACS Publications}
}
@inproceedings{salakhutdinov2007restricted,
  title={Restricted Boltzmann machines for collaborative filtering},
  author={Salakhutdinov, Ruslan and Mnih, Andriy and Hinton, Geoffrey},
  booktitle={Proceedings of the 24th international conference on Machine learning},
  pages={791--798},
  year={2007},
  organization={ACM}
}
@article{graves2013generating,
  title={Generating Sequences With Recurrent Neural Networks},
  author={Graves, Alex},
  journal={arXiv preprint arXiv:1308.0850},
  year={2013}
}
@article{bengio2007greedy,
  title={Greedy layer-wise training of deep networks},
  author={Bengio, Yoshua and Lamblin, Pascal and Popovici, Dan and Larochelle, Hugo},
  journal={Advances in neural information processing systems},
  volume={19},
  pages={153},
  year={2007},
  publisher={MIT; 1998}
}
@inproceedings{erhan2009difficulty,
  title={The difficulty of training deep architectures and the effect of unsupervised pre-training},
  author={Erhan, Dumitru and Manzagol, Pierre-Antoine and Bengio, Yoshua and Bengio, Samy and Vincent, Pascal},
  booktitle={International Conference on Artificial Intelligence and Statistics},
  pages={153--160},
  year={2009}
}
@misc{hinton2012brains,
  author = {Hinton, Geoffrey},
  title = {Brains, Sex, and Machine Learning},
  howpublished = {\url{http://www.youtube.com/watch?v=DleXA5ADG78}}
}
@misc{timit,
    author = {Garofolo, J. S. and Lamel, L. F. and Fisher, W. M. and Fiscus, J. G. and Pallett, D. S. and Dahlgren, N. L.},
    posted-at = {2008-01-10 00:13:26},
    publisher = {NIST},
    title = {{DARPA} {TIMIT} Acoustic Phonetic Continuous Speech Corpus {CDROM}},
    url = {http://www.ldc.upenn.edu/Catalog/LDC93S1.html},
    year = {1993}
}
@inproceedings{imagenet_cvpr09,
        AUTHOR = {Deng, J. and Dong, W. and Socher, R. and Li, L.-J. and Li, K. and Fei-Fei, L.},
        TITLE = {{ImageNet: A Large-Scale Hierarchical Image Database}},
        BOOKTITLE = {CVPR09},
        YEAR = {2009},
        BIBSOURCE = "http://www.image-net.org/papers/imagenet_cvpr09.bib"
}
@article{ryugo1975increased,
  title={Increased spine density in auditory cortex following visual or somatic deafferentation},
  author={Ryugo, David K and Ryugo, Rebecca and Globus, Albert and Killackey, Herbert P},
  journal={Brain research},
  volume={90},
  number={1},
  pages={143--146},
  year={1975},
  publisher={Elsevier}
}
@article{gyllensten1966growth,
  title={Growth alteration in the auditory cortex of visually deprived mice},
  author={Gyllensten, Lars and Malmfors, Torbj{\"o}rn and Norrlin, Marie-Louise},
  journal={Journal of Comparative Neurology},
  volume={126},
  number={3},
  pages={463--469},
  year={1966},
  publisher={Wiley Online Library}
}